@book{gen_convex,
  author = {Alberto Cambini, Laura Martein},
  year = {2008},
  title = {Generalized Convexity and Optimization},
  publisher = {Springer Berlin},
  address = {Heidelberg},
  edition = {1}
}

@book{Clarke1983,
author = {Clarke, Frank H.},
title = {Optimization and Nonsmooth Analysis},
publisher = {Society for Industrial and Applied Mathematics},
year = {1990},
doi = {10.1137/1.9781611971309},
address = {},
edition   = {},
URL = {https://epubs.siam.org/doi/abs/10.1137/1.9781611971309},
eprint = {https://epubs.siam.org/doi/pdf/10.1137/1.9781611971309}
}

@Article{Pen1997,
  author={J.-P. Penot and P. H. Quang},
  title={{Generalized Convexity of Functions and Generalized Monotonicity of Set-Valued Maps}},
  journal={Journal of Optimization Theory and Applications},
  year=1997,
  volume={92},
  number={2},
  pages={343-356},
  month={February},
}

@Inbook{Tuy2005,
author="Tuy, Hoang
and Al-Khayyal, Faiz
and Thach, Phan Thien",
title="Monotonic Optimization: Branch and Cut Methods",
bookTitle="Essays and Surveys in Global Optimization",
year="2005",
publisher="Springer US",
address="Boston, MA",
pages="39--78",
}
@Inbook{Tuy2000,
author={Tuy, Hoang},
title={Monotonic Optimization: Problems and Solution Approaches},
bookTitle={SIAM Journal on Optimization},
year={2000},
volume = {2},
pages  = {464--494},
}
@Inbook{Tuy1999,
author="Tuy, Hoang",
title="Normal sets, polyblocks and monotonic optimization",
year="1999",
publisher="Vietnam Journal of Mathematics",
volume="2",
}

@article{Bracken1973,
 ISSN = {0030364X, 15265463},
 URL = {http://www.jstor.org/stable/169087},
 author = {Jerome Bracken and James T. McGill},
 journal = {Operations Research},
 number = {1},
 pages = {37--44},
 publisher = {INFORMS},
 title = {Mathematical Programs with Optimization Problems in the Constraints},
 urldate = {2022-11-21},
 volume = {21},
 year = {1973}
}

@article{Stackelberg1934,
    author = {Hicks, J. R.},
    title = "{Marktform und Gleichgewicht}",
    journal = {The Economic Journal},
    volume = {45},
    number = {178},
    pages = {334-336},
    year = {1935},
    month = {06},
    issn = {0013-0133},
    doi = {10.2307/2224643},
}

@article{Nash1950,
author = {John F. Nash },
title = {Equilibrium points in <i>n</i>-person games},
journal = {Proceedings of the National Academy of Sciences},
volume = {36},
number = {1},
pages = {48-49},
year = {1950},
}

@Article{Kalashnikov2018,
author={Kalashnikov, Vyacheslav
and Dempe, Stephan
and Mordukhovich, Boris
and Kavun, Sergii V.},
title={Bilevel Optimal Control, Equilibrium, and Combinatorial Problems with Applications to Engineering},
journal={Mathematical Problems in Engineering},
year={2017},
month={Dec},
day={14},
publisher={Hindawi},
volume={2017},
pages={7190763},
issn={1024-123X},
}

@Article{Gao2011,
author={Gao, Ya
and Zhang, Guangquan
and Lu, Jie
and Wee, Hui-Ming},
title={Particle swarm optimization for bi-level pricing problems in supply chains},
journal={Journal of Global Optimization},
year={2011},
month={Oct},
day={01},
volume={51},
number={2},
pages={245-254},
issn={1573-2916},
}

@article{Lukac2008,
title = {Production planning problem with sequence dependent setups as a bilevel programming problem},
journal = {European Journal of Operational Research},
volume = {187},
number = {3},
pages = {1504-1512},
year = {2008},
issn = {0377-2217},
author = {Zrinka Lukac and Kristina Soric and Visnja Vojvodic Rosenzweig},
}

@article{Ukkusuri2013,
title = {A Bi-level Formulation for the Combined Dynamic Equilibrium based Traffic Signal Control},
journal = {Procedia - Social and Behavioral Sciences},
volume = {80},
pages = {729-752},
year = {2013},
note = {20th International Symposium on Transportation and Traffic Theory (ISTTT 2013)},
issn = {1877-0428},
author = {Satish Ukkusuri and Kien Doan and H.M. Abdul Aziz},
}

@article{Angulo2014,
title = {A continuous bi-level model for the expansion of highway networks},
journal = {Computers \& Operations Research},
volume = {41},
pages = {262-276},
year = {2014},
issn = {0305-0548},
author = {Eusebio Angulo and Enrique Castillo and Ricardo Garcia-Rodenas and Jesus Sanchez-Vizcaino},
}

@InProceedings{Franceschi2018,
  title = 	 {Bilevel Programming for Hyperparameter Optimization and Meta-Learning},
  author =       {Franceschi, Luca and Frasconi, Paolo and Salzo, Saverio and Grazzi, Riccardo and Pontil, Massimiliano},
  booktitle = 	 {Proceedings of the 35th International Conference on Machine Learning},
  pages = 	 {1568--1577},
  year = 	 {2018},
  editor = 	 {Dy, Jennifer and Krause, Andreas},
  volume = 	 {80},
  series = 	 {Proceedings of Machine Learning Research},
  month = 	 {10--15 Jul},
  publisher =    {PMLR},
}

@inproceedings{MacKay2019,
title={Self-Tuning Networks: Bilevel Optimization of Hyperparameters using Structured Best-Response Functions},
author={Matthew Mackay and Paul Vicol and Jonathan Lorraine and David Duvenaud and Roger Grosse},
booktitle={International Conference on Learning Representations},
year={2019},
}

@Article{Belkhiri2021,
author={Belkhiri, Hadjer
and Chergui, Mohamed El-Amine
and Oua{\"i}l, Fatma Zohra},
title={Optimizing a linear function over an efficient set},
journal={Operational Research},
year={2022},
month={Sep},
day={01},
volume={22},
number={4},
pages={3183-3201},
issn={1866-1505},
}

@article{Muu2000,
author = {Muu, Le},
year = {2000},
month = {01},
pages = {77-82},
title = {On the construction of initial polyhedral convex set for optimization problems over the efficient set and bilevel linear programs},
volume = {28},
journal = {Vietnam Journal of Mathematics}
}

@Article{Jorge2005,
author={Jorge, Jes{\'u}s M.},
title={A Bilinear Algorithm for Optimizing a Linear Function over the Efficient Set of a Multiple Objective Linear Programming Problem},
journal={Journal of Global Optimization},
year={2005},
month={Jan},
day={01},
volume={31},
number={1},
pages={1-16},
issn={1573-2916},
}

@Article{Bonnel2015,
author={Bonnel, Henri
and Collonge, Julien},
title={Optimization over the Pareto outcome set associated with a convex bi-objective optimization problem: theoretical results, deterministic algorithm and application to the stochastic case},
journal={Journal of Global Optimization},
year={2015},
month={Jul},
day={01},
volume={62},
number={3},
pages={481-505},
issn={1573-2916},
}

@article{Horst1999,
title = {Maximizing a concave function over the efficient or weakly-efficient set1Research supported by the "Deutsche Forschungsgemeinschaft" through the "Graduiertenkolleg Mathematische Optimierung" at the University of Trier and through the project DECOMP.1},
journal = {European Journal of Operational Research},
volume = {117},
number = {2},
pages = {239-252},
year = {1999},
issn = {0377-2217},
author = {Reiner Horst and Nguyen V. Thoai},
}

@Article{Lin2014,
author={Lin, Gui-Hua
and Xu, Mengwei
and Ye, Jane J.},
title={On solving simple bilevel programs with a nonconvex lower level program},
journal={Mathematical Programming},
year={2014},
month={Apr},
day={01},
volume={144},
number={1},
pages={277-305},
issn={1436-4646},
}

@Article{Mitsos2008,
author={Mitsos, Alexander
and Lemonidis, Panayiotis
and Barton, Paul I.},
title={Global solution of bilevel programs with a nonconvex inner program},
journal={Journal of Global Optimization},
year={2008},
month={Dec},
day={01},
volume={42},
number={4},
pages={475-513},
issn={1573-2916},
}

@Article{Alekseeva2016,
author={Alekseeva, Ekaterina
and Kochetov, Yury
and Talbi, El-Ghazali},
title={A matheuristic for the discrete bilevel problem with multiple objectives at the lower level},
journal={International Transactions in Operational Research},
year={2017},
month={Sep},
day={01},
publisher={John Wiley {\&} Sons, Ltd},
volume={24},
number={5},
pages={959-981},
issn={0969-6016},
}

@article{Calvete2011,
title = {Bilevel model for production-distribution planning solved by using ant colony optimization},
journal = {Computers \& Operations Research},
volume = {38},
number = {1},
pages = {320-327},
year = {2011},
note = {Project Management and Scheduling},
issn = {0305-0548},
author = {Herminia I. Calvete and Carmen Gale and Maria-Jose Oliveros},
}

@article{Lu2016,
title = {Multilevel decision-making: A survey},
journal = {Information Sciences},
volume = {346-347},
pages = {463-487},
year = {2016},
issn = {0020-0255},
doi = {https://doi.org/10.1016/j.ins.2016.01.084},
author = {Jie Lu and Jialin Han and Yaoguang Hu and Guangquan Zhang},
}
@Article{Le2003,
author={Le Thi, H. A.
and Pham Dinh, T.
and Muu, L. D.},
title={Simplicially-Constrained DC Optimization over Efficient and Weakly Efficient Sets},
journal={Journal of Optimization Theory and Applications},
year={2003},
month={Jun},
day={01},
volume={117},
number={3},
pages={503-531},
issn={1573-2878},
}

@article{Ren2016,
title = {A novel penalty function method for semivectorial bilevel programming problem},
journal = {Applied Mathematical Modelling},
volume = {40},
number = {1},
pages = {135-149},
year = {2016},
issn = {0307-904X},
doi = {https://doi.org/10.1016/j.apm.2015.04.041},
url = {https://www.sciencedirect.com/science/article/pii/S0307904X15003522},
author = {Aihong Ren and Yuping Wang},
}

@Article{Horst2007,
author={Horst, R.
and Thoai, N. V.
and Yamamoto, Y.
and Zenke, D.},
title={On Optimization over the Efficient Set in Linear Multicriteria Programming},
journal={Journal of Optimization Theory and Applications},
year={2007},
month={Sep},
day={01},
volume={134},
number={3},
pages={433-443},
issn={1573-2878},
}

@Article{White1993,
author={White, D. J.
and Anandalingam, G.},
title={A penalty function approach for solving bi-level linear programs},
journal={Journal of Global Optimization},
year={1993},
month={Dec},
day={01},
volume={3},
number={4},
pages={397-419},
issn={1573-2916},
doi={10.1007/BF01096412},
url={https://doi.org/10.1007/BF01096412}
}

@Article{Thang2020,
author={Thang, Tran Ngoc
and Solanki, Vijender Kumar
and Dao, Tuan Anh
and Thi Ngoc Anh, Nguyen
and Van Hai, Pham},
title={A monotonic optimization approach for solving strictly quasiconvex multiobjective programming problems},
journal={Journal of Intelligent {\&} Fuzzy Systems},
year={2020},
publisher={IOS Press},
volume={38},
pages={6053-6063},
note={5},
issn={1875-8967},
doi={10.3233/JIFS-179690},
url={https://doi.org/10.3233/JIFS-179690}
}

@article{Liu2021,
title = {A one-layer recurrent neural network for nonsmooth pseudoconvex optimization with quasiconvex inequality and affine equality constraints},
journal = {Neural Networks},
volume = {147},
pages = {1-9},
year = {2022},
issn = {0893-6080},
author = {Na Liu and Jun Wang and Sitian Qin},
}

@book{Aubin1984,
author = {Jean-Pierre Aubin, Arrigo Cellina},
title = {Differential Inclusions},
subtitle       = {Set-Valued Maps and Viability Theory},
publisher = {Springer Berlin, Heidelberg},
year = {1990},
address = {},
edition   = {},
}

@article{Hosenini2016,
title = {A non-penalty recurrent neural network for solving a class of constrained optimization problems},
journal = {Neural Networks},
volume = {73},
pages = {10-25},
year = {2016},
issn = {0893-6080},
author = {Alireza Hosseini},
}

@Article{Benson2012,
author={Benson, Harold P.},
title={An outcome space algorithm for optimization over the weakly efficient set of a multiple objective nonlinear programming problem},
journal={Journal of Global Optimization},
year={2012},
month={Mar},
day={01},
volume={52},
number={3},
pages={553-574},
issn={1573-2916},
doi={10.1007/s10898-011-9786-y},
url={https://doi.org/10.1007/s10898-011-9786-y}
}

@InProceedings{example4,
author={Sinha, Ankur
and Malo, Pekka
and Deb, Kalyanmoy},
title={Towards Understanding Bilevel Multi-objective Optimization with Deterministic Lower Level Decisions},
booktitle={Evolutionary Multi-Criterion Optimization},
year={2015},
publisher={Springer International Publishing},
address={Cham},
pages={426-443},
isbn={978-3-319-15934-8}
}